@Manual{code_conventions,
title = {Java Code Conventions},
OPTauthor = {Sun Microsystems},
OPTaddress = {2550 Garcia Avenue,Mountain View, California 94043-1100 U.S.A.},
OPTmonth = {Junio},
OPTyear = {1997},
url = {http://java.sun.com/docs/codeconv/CodeConventions.pdf}
}

@webpage{painting_awt_swing,
key={java},
title = "{Painting in AWT and Swing}",
url = {http://java.sun.com/products/jfc/tsc/articles/painting/},
}

@webpage{threads_and_swing,
key={java},
title = "{Threads and Swing}",
url = {http://java.sun.com/products/jfc/tsc/articles/threads/threads1.html},
}

@webpage{javahelp,
key={java},
title = "{JavaHelp System}",
url = {http://java.sun.com/javase/technologies/desktop/javahelp/},
}

@webpage{landau,
key={landau},
title = "{Notación de Landau}",
url = {http://en.wikipedia.org/wiki/Landau_notation/},
}

@webpage{weka,
key={weka},
title = "{Weka (Waikato Environment for Knowledge Analysis)}",
url = {http://www.cs.waikato.ac.nz/ml/weka/},
}

@webpage{nearest_neighbor,
key={nearest_neighbour},
title = "{Vecino más cercano}",
url = {http://en.wikipedia.org/wiki/K-nearest_neighbor_algorithm/},
}

@webpage{reconocimiento_patrones,
key={pattern_recognition},
title = "{Reconocimiento de Patrones}",
url = {http://en.wikipedia.org/wiki/Pattern_recognition/},
}

@webpage{definicion_latex,
key={LaTeX},
title = "{\LaTeX{}}",
url = {http://en.wikipedia.org/wiki/LaTeX/},
}

@webpage{introduccion_latex,
key={LaTeX},
title = "{Una Introducción no-tan-corta a \LaTeX{}}",
url = {http://tug.ctan.org/tex-archive/info/lshort/spanish/},
}

@webpage{latex_wikibook,
key={LaTeX},
title = "{\LaTeX{} Wikibook}",
url = {http://en.wikibooks.org/wiki/LaTeX},
}

@webpage{wysiwyg,
key={LaTeX},
title = "{WYSIWYG: What You See Is What You Get}",
url = {http://en.wikipedia.org/wiki/WYSIWYG},
}

@webpage{cervantex,
key={LaTeX},
title = "{CervanTEX}",
url = {http://goliat.mecanica.upm.es/cervantex/},
}

@webpage{plantilla_deusto,
key={LaTeX},
title = "{Plantilla Universidad de Deusto}",
url = {http://softwarelibre.deusto.es/plantillas-openofficeorg-y-latex-para-proyectos-de-fin-de-carrera/},
}

@webpage{arff,
key={file_type},
title = "{Attribute-Relation File Format}",
url = {http://www.cs.waikato.ac.nz/~ml/weka/arff.html},
}

@webpage{xrff,
key={file_type},
title = "{eXtensible attribute-Relation File Format}",
url = {http://weka.wikispaces.com/XRFF},
}

@webpage{scrum,
key={agile},
title = "{¿Qué es Scrum?}",
url = {http://www.proyectosagiles.org/que-es-scrum/},
}

@webpage{scrum_wiki,
key={agile},
title = "{Scrum}",
url = {http://es.wikipedia.org/wiki/Scrum/},
}

@webpage{casos_de_uso_vs_agiles,
key={agile},
title = "{¿Qué pasa con los casos de uso en proyectos ágiles?}",
url = {http://www.infoq.com/news/2009/02/Use-Cases-Valuable-But-Optional},
}

@webpage{controlchaos,
key={agile},
title = "{Control Chaos}",
url = {http://www.controlchaos.com},
}

@webpage{scrum_process_image,
key={agile},
title = "{Proceso Scrum}",
url = {http://www.1dot0.com/dev_process.html},
}

@webpage{scrum_stages_image,
key={agile},
title = "{Etapas de Scrum}",
url = {http://orione.wordpress.com/2008/02/24/agile-scrum-meet-with-sanjeev-augustine/},
}

@webpage{template_method,
key={pattern},
title = "{Template Method}",
url = {http://en.wikipedia.org/wiki/Template_method_pattern},
}

@webpage{model_view_controller,
key={pattern},
title = "{Modelo-Vista-Controlador}",
url = {http://en.wikipedia.org/wiki/Model\%E2\%80\%93view\%E2\%80\%93controller},
}

@webpage{voronoi,
key={voronoi},
title = "{Diagrama de Voronoi}",
url = {http://en.wikipedia.org/wiki/Voronoi_diagram},
}

@webpage{delaunay,
key={voronoi},
title = "{Triangulación de Delaunay}",
url = {http://en.wikipedia.org/wiki/Delaunay_triangulation},
}

@webpage{convex_hull,
key={voronoi},
title = "{Convex hull}",
url = {http://en.wikipedia.org/wiki/Convex_hull},
}

@webpage{voronoi_methods,
key={voronoi},
title = "{Voronoi/Delaunay/Convex Hull methods}",
url = {http://www.personal.kent.edu/~rmuhamma/Compgeometry/compgeom.html},
}

@webpage{voroglide,
key={voronoi},
title = "{VOROGlide}",
url = {http://www.pi6.fernuni-hagen.de/GeomLab/VoroGlide/},
}

@webpage{voronoi_game,
key={voronoi},
title = "{The Voronoi Game}",
url = {http://www.voronoigame.com/},
}

@webpage{delaunay_voronoi,
key={voronoi},
title = "{Delaunay y Voronoi}",
url = {http://www.kirainet.com/delaunay-y-voronoi/},
}

@webpage{voronoi_diagram,
key={voronoi},
title = "{Voronoi Diagram/Delaunay Triangulation}",
url = {http://www.cs.cornell.edu/home/chew/Delaunay.html},
}

@webpage{vi,
key={vi},
title = "{Vi}",
url = {http://es.wikipedia.org/wiki/Vi},
}

@webpage{kiviat,
key={kiviat},
title = "{Diagramas de Kiviat}",
url = {http://en.wikipedia.org/wiki/Kiviat},
}

@webpage{keel,
key={is_tools},
title = "{KEEL (Knowledge Extraction based on Evolutionary Learning)}",
url = {http://sci2s.ugr.es/keel/},
}

@webpage{gnu,
key={license},
title = "{Licencia GNU}",
url = {http://www.opensource.org/licenses/gpl-license.php},
}

@webpage{epl,
key={license},
title = "{Licencia EPL}",
url = {http://www.eclipse.org/legal/epl-v10.html},
}
