@incollection{NIPS2012_4824,
title = {ImageNet Classification with Deep Convolutional Neural Networks},
author = {Alex Krizhevsky and Sutskever, Ilya and Geoffrey E. Hinton},
booktitle = {Advances in Neural Information Processing Systems 25},
editor = {F. Pereira and C.J.C. Burges and L. Bottou and K.Q. Weinberger},
pages = {1097--1105},
year = {2012},
publisher = {Curran Associates, Inc.},
url = {http://papers.nips.cc/paper/4824-imagenet-classification-with-deep-convolutional-neural-networks.pdf}
}
@article{russell2008labelme,
  title={LabelMe: a database and web-based tool for image annotation},
  author={Russell, Bryan C and Torralba, Antonio and Murphy, Kevin P and Freeman, William T},
  journal={International journal of computer vision},
  volume={77},
  number={1-3},
  pages={157--173},
  year={2008},
  publisher={Springer}
}
@misc{berg2010large,
  title={Large scale visual recognition challenge 2010},
  author={Berg, Alex and Deng, Jia and Fei-Fei, L},
  year={2010}
}
@inproceedings{nair2010rectified,
  title={Rectified linear units improve restricted boltzmann machines},
  author={Nair, Vinod and Hinton, Geoffrey E},
  booktitle={Proceedings of the 27th International Conference on Machine Learning (ICML-10)},
  pages={807--814},
  year={2010}
}
@article{cirecsan2011high,
  title={High-performance neural networks for visual object classification},
  author={Cire{\c{s}}an, Dan C and Meier, Ueli and Masci, Jonathan and Gambardella, Luca M and Schmidhuber, J{\"u}rgen},
  journal={arXiv preprint arXiv:1102.0183},
  year={2011}
}